<record><leader>00000cas a22000007a 4500</leader><controlfield tag="001">20938216</controlfield><controlfield tag="008">900122c19849999lauwr ne      0    0eng d</controlfield><datafield ind1=" " ind2=" " tag="010"><subfield code="a">sn 90056010 </subfield></datafield><datafield ind1=" " ind2=" " tag="040"><subfield code="a">LNP</subfield><subfield code="b">eng</subfield><subfield code="c">LNP</subfield><subfield code="d">OCLCQ</subfield></datafield><datafield ind1=" " ind2=" " tag="042"><subfield code="a">msc</subfield></datafield><datafield ind1="0" ind2=" " tag="130"><subfield code="a">Breaux Bridge banner (Breaux Bridge, La. : 1984)</subfield></datafield><datafield ind1="1" ind2="0" tag="245"><subfield code="a">Breaux Bridge banner.</subfield></datafield><datafield ind1="3" ind2="0" tag="246"><subfield code="a">Gazette de Pont Breaux</subfield></datafield><datafield ind1="3" ind2="0" tag="246"><subfield code="a">Gazette Breaux Bridge banner</subfield></datafield><datafield ind1="3" ind2="0" tag="246"><subfield code="a">Breaux Bridge banner La gazette de Pont Breaux</subfield></datafield><datafield ind1="3" ind2="0" tag="246"><subfield code="a">Gazette</subfield></datafield><datafield ind1=" " ind2=" " tag="260"><subfield code="a">Breaux Bridge, La. :</subfield><subfield code="b">[Fred Ferrington]</subfield></datafield><datafield ind1=" " ind2=" " tag="300"><subfield code="a">v.</subfield></datafield><datafield ind1=" " ind2=" " tag="310"><subfield code="a">Weekly</subfield></datafield><datafield ind1="0" ind2=" " tag="362"><subfield code="a">Vol. 1, no. 1 (Sept. 19, 1984)-</subfield></datafield><datafield ind1=" " ind2=" " tag="500"><subfield code="a">Title varies: La gazette de Pont Breaux, May 12-June 2, 1986; La gazette Breaux Bridge banner, June 9-Aug. 4, 1986.</subfield></datafield><datafield ind1=" " ind2=" " tag="752"><subfield code="a">United States</subfield><subfield code="b">Louisiana</subfield><subfield code="c">Saint Martin</subfield><subfield code="d">Breaux Bridge.</subfield></datafield></record>